@inbook{brakehadland,
    author      = "Tony Hadland and Hans Erhard Lessing",
    booktitle   = "Bicycle Design, An Illustrated History",
    title       = "Braking",
    chapter     = "8",
    pages       = "259-260",
    publisher   = "MIT Press",
    year        = "2014",
}

@article{brakekoch,
    author      = "Ron Koch",
    journaltitle = "Mountain Bike",
    title       = "The fix: Disc doctor",
    year        = "2006",
    month       = "June",
    volume      = "22",
    pages       = "77",
}

@online{dna-disabled,
    author      = "Candice Talbot",
    organization = "Disability Network Africa",
    title       = "Disability Frequencies in African Communities",
    year        = "2013",
    url         = "http://www.disabilitynetworkafrica.org/",
}

@online{dimen-cansize,
    organization= "Rexam",
    year        = "2013",
    title       = "Cans: Our Sizes and Pricing",
    url         = "http://www.rexamcatalogue.com/files/1986892/1997262-THACJJTZ/Sections/1992984.pdf"
}

@online{cost-ducttape,
    organization= "Wal-Mart",
    year        = "2015",
    month       = "April",
    url         = "http://www.walmart.com/ip/Duck-Brand-Duct-Tape-1.88-x-20-yard-Blue/15077955",
    title       = "Duck Brand Duct Tape, 1.88in x 20 yard"
}

@online{cost-cupholder,
    organization= "Alibaba.com",
    year        = "2015",
    month       = "April",
    title       = "Foam Cup Holder",
    url         = "http://www.alibaba.com/product-detail/foam-cup-cover-heat-insulation-tin_1180664190.html"
}

@article{everest-wheelchair,
    author      = "N.R. Kleinfield",
    date        = "1981-02-12",
    journaltitle = "The New York Times",
    title       = "Wheelchair Maker vs. Critics",
    url         = "http://www.nytimes.com/1981/02/12/business/wheelchair-maker-vs-critics.html"
}

@patent{oxford1992all,
  title={All-terrain wheelchair},
  author={Oxford, S.G.},
  url={https://www.google.com/patents/US5149118},
  year={1992},
  month=sep # "~22",
  publisher={Google Patents},
  note={US Patent 5,149,118}
}

@patent{wilmot2007off,
  title={Off-road wheelchair},
  author={Wilmot, J.},
  url={https://www.google.com/patents/US20070018443},
  year={2007},
  month=jan # "~25",
  publisher={Google Patents},
  note={US Patent App. 11/185,583}
}

@patent{wilmot2011off,
  title={Off-road wheelchair device with suspension},
  author={Wilmot, J. and Meissner, M.},
  url={https://www.google.com/patents/US7934740},
  year={2011},
  month=may # "~3",
  publisher={Google Patents},
  note={US Patent 7,934,740}
}

@online{tirecost,
    title="Panaracer Smoke Classic BMX Tire",
    organization="Performance Bicycle",
    year="2014",
    url="http://www.performancebike.com/bikes/Product_10052_10551_1035329_-1_400238__400238",
}

@online{exploratorium,
    url="http://www.exploratorium.edu/cycling/wheel3.html",
    title="The Wheel Science of Cycling",
    organization="Exploratorium: The Museum of Science, Art, and Human Perception",
    author="Jim Spadaccini",
    year="1998",
}

@article{fedorowicz1985seat,
  title={Seat belts save lives},
  author={Fedorowicz, Richard J},
  journal={Hospital Aviation},
  volume={4},
  number={12},
  pages={12},
  year={1985},
  publisher={Elsevier},
  doi="doi:10.1016/S0740-8315(85)80177-7",
}
